@book{cesar,
  title={Android based eHealth applications with BiTalino sensors},
  author={Thomas Peter Plagemann, Vera Hermine Goebel, Stein Kristiansen},
  url={http://www.mn.uio.no/ifi/studier/masteroppgaver/dmms/android-based-ehealth-applications-with-bitalino-s.html},
  year={2015},
  note={URL: http://www.mn.uio.no/ifi/studier/masteroppgaver/dmms/android-based-ehealth-applications-with-bitalino-s.html (visited on 05/05/2018)}
}

@book{flow,
  title={SweetZpot FlowTM Sensor},
  author={SweetZpot},
  url={https://www.sweetzpot.com/flow},
  note={URL: https://www.sweetzpot.com/flow (visited on 28/05/2018)}
}

@article{daniel,
    author={Daniel Bugajski},
    title={Extensible data streams dispatching tool for Android},
    year=201
}

@article{gjoby,
    author={Svein Petter Gjøby},
    title={Extensible data acquisition tool for Android},
    year=2016
}

@article{viet,
    author={Viet Thi Tran},
    title={An open database model for storing Obstructie Sleep Apnea data},
    year=2017
}

@article{article,
  author = {Mapanga, Innocent and Kadebu, Prudence},
  year = {2013},
  month = {09},
  pages = {12-18},
  title = {Database Management Systems: A NoSQL Analysis},
  volume = {Volume-1},
  journal = {International Journal of Modern Communication Technologies & Research (IJMCTR)}
}


%Connolly, Thomas M.; Begg, Carolyn E. (2014). Database Systems – A Practical Approach to Design Implementation and Management (6th ed.). Pearson. ISBN 978-1292061184.